<record><leader>00000cas a22000007a 4500</leader><controlfield tag="001">18347058</controlfield><controlfield tag="008">880812d19221928aruwr ne      0    0eng d</controlfield><datafield ind1=" " ind2=" " tag="010"><subfield code="a">sn 88051058 </subfield></datafield><datafield ind1=" " ind2=" " tag="040"><subfield code="a">ANU</subfield><subfield code="b">eng</subfield><subfield code="c">ANU</subfield><subfield code="d">OCLCQ</subfield></datafield><datafield ind1=" " ind2=" " tag="042"><subfield code="a">msc</subfield></datafield><datafield ind1="0" ind2=" " tag="130"><subfield code="a">Journal-advance (Gentry, Ark. : 1922)</subfield></datafield><datafield ind1="1" ind2="0" tag="245"><subfield code="a">Journal-advance.</subfield></datafield><datafield ind1="1" ind2="7" tag="246"><subfield code="a">Journal advance and Gentry index</subfield></datafield><datafield ind1=" " ind2=" " tag="260"><subfield code="a">Gentry, Benton County, Ark. :</subfield><subfield code="b">M.V. Crockett Co.</subfield></datafield><datafield ind1=" " ind2=" " tag="300"><subfield code="a">v.</subfield></datafield><datafield ind1=" " ind2=" " tag="310"><subfield code="a">Weekly</subfield></datafield><datafield ind1="0" ind2=" " tag="362"><subfield code="a">Vol. 28, no. 34 (July 7, 1922)-v. 34, no. 3 (Jan. 19, 1928).</subfield></datafield><datafield ind1=" " ind2=" " tag="752"><subfield code="a">United States</subfield><subfield code="b">Arkansas</subfield><subfield code="c">Benton</subfield><subfield code="d">Gentry.</subfield></datafield><datafield ind1="0" ind2="0" tag="780"><subfield code="t">Journal-advance and Gentry index</subfield><subfield code="w">(DLC)sn 88051057</subfield></datafield><datafield ind1="0" ind2="7" tag="785"><subfield code="t">Benton County gazette</subfield></datafield><datafield ind1="0" ind2="7" tag="785"><subfield code="t">Journal-advance and Benton County gazette</subfield><subfield code="w">(DLC)sn 88051062</subfield></datafield></record>